<?xml version="1.0" encoding="UTF-8"?><record xmlns="http://www.loc.gov/MARC21/slim" xmlns:cinclude="http://apache.org/cocoon/include/1.0" xmlns:zs="http://www.loc.gov/zing/srw/">
  <leader>00532cz  a2200145n  4500</leader>
  <controlfield tag="001">n  85180998 </controlfield>
  <controlfield tag="003">DLC</controlfield>
  <controlfield tag="005">20141209080931.0</controlfield>
  <controlfield tag="008">850822n| azannaab           |a aaa      </controlfield>
  <datafield tag="010" ind1=" " ind2=" ">
    <subfield code="a">n  85180998 </subfield>
  </datafield>
  <datafield tag="040" ind1=" " ind2=" ">
    <subfield code="a">DLC</subfield>
    <subfield code="b">eng</subfield>
    <subfield code="e">rda</subfield>
    <subfield code="c">DLC</subfield>
    <subfield code="d">DLC</subfield>
  </datafield>
  <datafield tag="100" ind1="1" ind2=" ">
    <subfield code="a">Bleloch, A. L.</subfield>
    <subfield code="q">(Andrew L.)</subfield>
  </datafield>
  <datafield tag="378" ind1=" " ind2=" ">
    <subfield code="q">Andrew L.</subfield>
  </datafield>
  <datafield tag="400" ind1="1" ind2="0">
    <subfield code="a">Bleloch, Andrew L.</subfield>
  </datafield>
  <datafield tag="670" ind1=" " ind2=" ">
    <subfield code="a">Starfield, A.M. Modeling for conservation ... c1986:</subfield>
    <subfield code="b">CIP t.p. (Andrew L. Bleloch) book t.p. (A.L. Bleloch, St. John's College, Cambridge) jkt. (grad. student, Cavendish Lab., Cambridge Univ.)</subfield>
  </datafield>
</record>